<record><leader>00000cas a22000007a 4500</leader><controlfield tag="001">17681539</controlfield><controlfield tag="008">880325d19uu1946msudr ne      0    0eng d</controlfield><datafield ind1=" " ind2=" " tag="010"><subfield code="a">sn 88067073 </subfield></datafield><datafield ind1=" " ind2=" " tag="040"><subfield code="a">MSJ</subfield><subfield code="b">eng</subfield><subfield code="c">MSJ</subfield><subfield code="d">NSD</subfield><subfield code="d">OCLCQ</subfield></datafield><datafield ind1=" " ind2=" " tag="042"><subfield code="a">msc</subfield></datafield><datafield ind1="0" ind2="4" tag="245"><subfield code="a">The Grenada daily star.</subfield></datafield><datafield ind1=" " ind2=" " tag="260"><subfield code="a">Grenada, Miss. :</subfield><subfield code="b">Frank Jones, Sr.,</subfield><subfield code="c">-1946.</subfield></datafield><datafield ind1=" " ind2=" " tag="310"><subfield code="a">Daily</subfield></datafield><datafield ind1="0" ind2=" " tag="362"><subfield code="a">-v. 12, no. 153 (Nov. 18, 1946).</subfield></datafield><datafield ind1=" " ind2=" " tag="588"><subfield code="a">Description based on: Vol. 8, no. 183 (Jan. 12, 1943).</subfield></datafield><datafield ind1=" " ind2=" " tag="752"><subfield code="a">United States</subfield><subfield code="b">Mississippi</subfield><subfield code="c">Grenada</subfield><subfield code="d">Grenada.</subfield></datafield><datafield ind1="0" ind2="0" tag="780"><subfield code="t">Daily star (Grenada, Miss.)</subfield><subfield code="w">(DLC)sn 88067089</subfield><subfield code="w">(OCoLC)17689083</subfield></datafield><datafield ind1="0" ind2="0" tag="785"><subfield code="t">Daily sentinel-star</subfield><subfield code="x">1066-7512</subfield><subfield code="w">(DLC)sn 87065718</subfield><subfield code="w">(OCoLC)15216930</subfield></datafield></record>